date,symbol,price,volatility,volume,timestamp
2025-07-31 02:31:17,AAPL,209.05,4.6699999999999875,43533667,2025-07-31T02:31:11.407150
2025-07-31 02:31:17,NVDA,179.27,3.8499999999999943,166546229,2025-07-31T02:31:12.137434
2025-07-31 02:31:17,MSFT,513.24,6.510000000000048,24672939,2025-07-31T02:31:12.855257
2025-07-31 02:31:17,AMZN,230.19,2.5100000000000193,31722470,2025-07-31T02:31:13.573138
2025-07-31 02:31:17,META,695.21,17.29989999999998,21245149,2025-07-31T02:31:14.344874
2025-07-31 02:31:17,GOOGL,196.53,2.9148999999999887,31536050,2025-07-31T02:31:15.331870
2025-07-31 02:31:17,TSLA,319.04,12.832500000000039,83406687,2025-07-31T02:31:16.162604
2025-07-31 02:31:17,BTC-USD,118192.78,672.6600000000035,70826876928,2025-07-31T02:31:16.878580
2025-07-31 02:31:17,ETH-USD,3843.524,44.39919999999984,34817912832,2025-07-31T02:31:17.591706
2025-07-31 02:34:53,AAPL,209.05,4.6699999999999875,43533667,2025-07-31T02:34:48.453922
2025-07-31 02:34:53,NVDA,179.27,3.8499999999999943,166546229,2025-07-31T02:34:48.989827
2025-07-31 02:34:53,MSFT,513.24,6.510000000000048,24672939,2025-07-31T02:34:50.156061
2025-07-31 02:34:53,AMZN,230.19,2.5100000000000193,31722470,2025-07-31T02:34:50.638485
2025-07-31 02:34:53,META,695.21,17.29989999999998,21245149,2025-07-31T02:34:51.229913
2025-07-31 02:34:53,GOOGL,196.53,2.9148999999999887,31536050,2025-07-31T02:34:51.716192
2025-07-31 02:34:53,TSLA,319.04,12.832500000000039,83406687,2025-07-31T02:34:52.197439
2025-07-31 02:34:53,BTC-USD,118228.42,672.6600000000035,70920732672,2025-07-31T02:34:52.672472
2025-07-31 02:34:53,ETH-USD,3844.252,44.39919999999984,35800506368,2025-07-31T02:34:53.173018
2025-07-31 03:16:36,AAPL,209.05,4.6699999999999875,43533667,2025-07-31T03:16:32.253252
2025-07-31 03:16:36,NVDA,179.27,3.8499999999999943,166546229,2025-07-31T03:16:32.746111
2025-07-31 03:16:36,MSFT,513.24,6.510000000000048,24672939,2025-07-31T03:16:33.409650
2025-07-31 03:16:36,AMZN,230.19,2.5100000000000193,31722470,2025-07-31T03:16:33.900661
2025-07-31 03:16:36,META,695.21,17.29989999999998,21245149,2025-07-31T03:16:34.873692
2025-07-31 03:16:36,GOOGL,196.53,2.9148999999999887,31536050,2025-07-31T03:16:35.362778
2025-07-31 03:16:36,TSLA,319.04,12.832500000000039,83406687,2025-07-31T03:16:35.849410
2025-07-31 03:16:36,BTC-USD,118426.27,672.6600000000035,71291158528,2025-07-31T03:16:36.325522
2025-07-31 03:16:36,ETH-USD,3860.6917,59.252700000000004,36202967040,2025-07-31T03:16:36.803328
2025-08-01 01:33:44,AAPL,207.57,2.680000000000007,64700006,2025-08-01T01:33:35.998350
2025-08-01 01:33:44,NVDA,177.87,7.359999999999985,216885458,2025-08-01T01:33:36.923589
2025-08-01 01:33:44,MSFT,533.5,23.550000000000068,51220706,2025-08-01T01:33:37.648707
2025-08-01 01:33:44,AMZN,234.11,5.1299999999999955,95980422,2025-08-01T01:33:39.105432
2025-08-01 01:33:44,META,773.44,19.190000000000055,38518845,2025-08-01T01:33:40.075604
2025-08-01 01:33:44,GOOGL,191.9,4.890000000000015,50575250,2025-08-01T01:33:41.223195
2025-08-01 01:33:44,TSLA,308.27,15.26989999999995,84232351,2025-08-01T01:33:42.064991
2025-08-01 01:33:44,BTC-USD,115049.18,1126.2999999999884,74245308416,2025-08-01T01:33:42.859291
2025-08-01 01:33:44,ETH-USD,3680.055,43.99969999999985,35700199424,2025-08-01T01:33:44.002760
